@article{Dupont2019,
	archivePrefix = {arXiv},
	arxivId = {1904.01681},
	author = {Dupont, Emilien and Doucet, Arnaud and Teh, Yee Whye},
	eprint = {1904.01681},
	issn = {10495258},
	journal = {Advances in Neural Information Processing Systems},
	number = {NeurIPS},
	pages = {1--11},
	title = {{Augmented neural ODEs}},
	volume = {32},
	year = {2019}
}

@article{Wu2020,
	archivePrefix = {arXiv},
	arxivId = {2002.09547},
	author = {Wu, Hao and K{\"{o}}hler, Jonas and No{\'{e}}, Frank},
	eprint = {2002.09547},
	issn = {10495258},
	journal = {Advances in Neural Information Processing Systems},
	number = {2},
	pages = {1--12},
	title = {{Stochastic normalizing flows}},
	volume = {2020-Decem},
	year = {2020}
}

@article{Chen2018,
	archivePrefix = {arXiv},
	arxivId = {arXiv:1806.07366v5},
	author = {{Ricky T. Q. Chen, Yulia Rubanova, Jesse Bettencourt}, David Duvenaud},
	doi = {10.1007/978-3-662-55774-7_3},
	eprint = {arXiv:1806.07366v5},
	issn = {20385757},
	journal = {UNITEXT - La Matematica per il 3 piu 2},
	number = {NeurIPS},
	pages = {31--60},
	title = {{Ordinary Differential Equations}},
	volume = {109},
	year = {2018}
}

@article{Oganesyan2020,
	archivePrefix = {arXiv},
	arxivId = {2002.09779},
	author = {Oganesyan, Viktor and Volokhova, Alexandra and Vetrov, Dmitry},
	eprint = {2002.09779},
	pages = {1--9},
	title = {{Stochasticity in Neural ODEs: An Empirical Study}},
	url = {http://arxiv.org/abs/2002.09779},
	year = {2020}
}

@article{Liu2019,
	archivePrefix = {arXiv},
	arxivId = {1906.02355},
	author = {Liu, Xuanqing and Xiao, Tesi and Si, Si and Cao, Qin and Kumar, Sanjiv and Hsieh, Cho-Jui},
	eprint = {1906.02355},
	number = {2},
	title = {{Neural SDE: Stabilizing Neural ODE Networks with Stochastic Noise}},
	url = {http://arxiv.org/abs/1906.02355},
	year = {2019}
}

@article{Ignatov2016,
	author = {Ignatov, Andrey D. and Strijov, Vadim V.},
	doi = {10.1007/s11042-015-2643-0},
	isbn = {1104201526},
	issn = {15737721},
	journal = {Multimedia Tools and Applications},
	keywords = {Machine learning,Neural network,Physical activity recognition,Segmentation,Singular value decomposition,k-nearest neighbor method},
	number = {12},
	pages = {7257--7270},
	publisher = {Multimedia Tools and Applications},
	title = {{Human activity recognition using quasiperiodic time series collected from a single tri-axial accelerometer}},
	url = {http://dx.doi.org/10.1007/s11042-015-2643-0},
	volume = {75},
	year = {2016}
}

@article{Kidger2022,
	archivePrefix = {arXiv},
	arxivId = {2202.02435},
	author = {Kidger, Patrick},
	eprint = {2202.02435},
	title = {{On Neural Differential Equations}},
	url = {http://arxiv.org/abs/2202.02435},
	year = {2022}
}

@article{Deng2020,
	archivePrefix = {arXiv},
	arxivId = {2002.10516},
	author = {Deng, Ruizhi and Chang, Bo and Brubaker, Marcus A. and Mori, Greg and Lehrmann, Andreas M.},
	eprint = {2002.10516},
	issn = {10495258},
	journal = {Advances in Neural Information Processing Systems},
	number = {NeurIPS},
	pages = {1--11},
	title = {{Modeling continuous stochastic processes with dynamic normalizing flows}},
	volume = {2020-Decem},
	year = {2020}
}

@article{Twomey2020,
	archivePrefix = {arXiv},
	arxivId = {1905.09905},
	author = {Twomey, Niall and Koz{\l}owski, Micha{\l} and Santos-Rodr{\'{i}}guez, Ra{\'{u}}l},
	doi = {10.3233/FAIA200264},
	eprint = {1905.09905},
	isbn = {9781643681009},
	issn = {09226389},
	journal = {Frontiers in Artificial Intelligence and Applications},
	pages = {1555--1562},
	title = {{Neural odes with stochastic vector field mixtures}},
	volume = {325},
	year = {2020}
}

@article{DeBrouwer2020,
	archivePrefix = {arXiv},
	arxivId = {1905.12374},
	author = {{De Brouwer}, Edward and Simm, Jaak and Arany, Adam and Moreau, Yves},
	eprint = {1905.12374},
	file = {:home/eduard/Рабочий стол/bachelor-thesis-literature/ode-models/gru-ode.pdf:pdf},
	issn = {15687805},
	journal = {Belgian/Netherlands Artificial Intelligence Conference},
	number = {NeurIPS},
	pages = {364--366},
	title = {{GRU-ODE-Bayes: Continuous modeling of sporadically-observed time series}},
	year = {2020}
}

@article{Kidger2021,
	archivePrefix = {arXiv},
	arxivId = {2105.13493},
	author = {Kidger, Patrick and Foster, James and Li, Xuechen and Lyons, Terry},
	eprint = {2105.13493},
	isbn = {9781713845393},
	issn = {10495258},
	journal = {Advances in Neural Information Processing Systems},
	number = {NeurIPS},
	pages = {18747--18761},
	title = {{Efficient and Accurate Gradients for Neural SDEs}},
	volume = {23},
	year = {2021}
}

@inproceedings{liu2018towards,
	title={Towards robust neural networks via random self-ensemble},
	author={Liu, Xuanqing and Cheng, Minhao and Zhang, Huan and Hsieh, Cho-Jui},
	booktitle={Proceedings of the European Conference on Computer Vision (ECCV)},
	pages={369--385},
	year={2018}
}

@article{baldi2013understanding,
	title={Understanding dropout},
	author={Baldi, Pierre and Sadowski, Peter J},
	journal={Advances in neural information processing systems},
	volume={26},
	year={2013}
}

@article{Alrumaih2002,
	author = {Alrumaih, Rumaih M. and Al-Fawzan, Mohammad A.},
	doi = {10.1016/S1018-3639(18)30755-4},
	issn = {10183639},
	journal = {Journal of King Saud University - Engineering Sciences},
	keywords = {Wavelet transform,denoising,forecasting},
	number = {2},
	pages = {221--233},
	publisher = {Elsevier},
	title = {{Time Series Forecasting Using Wavelet Denoising an Application to Saudi Stock Index}},
	url = {http://dx.doi.org/10.1016/S1018-3639(18)30755-4},
	volume = {14},
	year = {2002}
}

@article{Dhwaj2018,
	author = {Dhwaj, Kirti and Kovitz, Joshua M. and Tian, Haozhan and Jiang, Li Jun and Itoh, Tatsuo},
	doi = {10.1109/LAWP.2018.2818058},
	issn = {15361225},
	journal = {IEEE Antennas and Wireless Propagation Letters},
	keywords = {Filtering antennas,Half-mode resonator,Quasi-elliptic response,Substrate integrated waveguide (SIW)},
	number = {5},
	pages = {833--836},
	title = {{Half-mode cavity-based planar filtering antenna with controllable transmission zeroes}},
	volume = {17},
	year = {2018}
}

@article{Sk2016,
	author = {Sk, Minhazul Islam and Banerjee, Arunava},
	doi = {10.1007/978-3-319-31750-2_1},
	isbn = {9783319317496},
	issn = {16113349},
	journal = {Lecture Notes in Computer Science (including subseries Lecture Notes in Artificial Intelligence and Lecture Notes in Bioinformatics)},
	pages = {3--16},
	title = {{Denoising time series by way of a flexible model for phase space reconstruction}},
	volume = {9652 LNAI},
	year = {2016}
}

@article{elshorbagy2002noise,
	title={Noise reduction in chaotic hydrologic time series: facts and doubts},
	author={Elshorbagy, A and Simonovic, SP and Panu, US},
	journal={Journal of Hydrology},
	volume={256},
	number={3-4},
	pages={147--165},
	year={2002},
	publisher={Elsevier}
}

@article{kostelich1990noise,
	title={Noise reduction: Finding the simplest dynamical system consistent with the data},
	author={Kostelich, Eric J and Yorke, James A},
	journal={Physica D: Nonlinear Phenomena},
	volume={41},
	number={2},
	pages={183--196},
	year={1990},
	publisher={Elsevier}
}

@article{wu2019wider,
	title={Wider or deeper: Revisiting the resnet model for visual recognition},
	author={Wu, Zifeng and Shen, Chunhua and Van Den Hengel, Anton},
	journal={Pattern Recognition},
	volume={90},
	pages={119--133},
	year={2019},
	publisher={Elsevier}
}

@article{meleshkova2021application,
	title={Application of Neural ODE with embedded hybrid method for robotic manipulator control},
	author={Meleshkova, Zoya and Ivanov, Sergei Evgenievich and Ivanova, Lubov},
	journal={Procedia Computer Science},
	volume={193},
	pages={314--324},
	year={2021},
	publisher={Elsevier}
}

@inproceedings{xie2019neural,
	title={A neural ordinary differential equations based approach for demand forecasting within power grid digital twins},
	author={Xie, Xiang and Parlikad, Ajith Kumar and Puri, Ramprakash Srinivasan},
	booktitle={2019 IEEE International Conference on Communications, Control, and Computing Technologies for Smart Grids (SmartGridComm)},
	pages={1--6},
	year={2019},
	organization={IEEE}
}

@article{du2020model,
	title={Model-based reinforcement learning for semi-markov decision processes with neural odes},
	author={Du, Jianzhun and Futoma, Joseph and Doshi-Velez, Finale},
	journal={Advances in Neural Information Processing Systems},
	volume={33},
	pages={19805--19816},
	year={2020}
}

@article{gardner1985exponential,
	title={Exponential smoothing: The state of the art},
	author={Gardner Jr, Everette S},
	journal={Journal of forecasting},
	volume={4},
	number={1},
	pages={1--28},
	year={1985},
	publisher={Wiley Online Library}
}

@article{noakes1991takens,
	title={The Takens embedding theorem},
	author={Noakes, Lyle},
	journal={International Journal of Bifurcation and Chaos},
	volume={1},
	number={04},
	pages={867--872},
	year={1991},
	publisher={World Scientific}
}